@book{Ferry1980,
  title={Viscoelastic Properties of Polymers},
  author={Ferry, J.D.},
  isbn={9780471048947},
  lccn={79028666},
  url={http://books.google.com/books?id=9dqQY3Ujsx4C},
  year={1980},
  publisher={Wiley}
}
@article{Kokare2009,
  title={Biofilm: Importance and applications},
  author={Kokare, CR and Chakraborty, S and Khopade, AN and Mahadik, KR},
  journal={Indian Journal of Biotechnology},
  volume={8},
  number={2},
  pages={159--168},
  year={2009}
}
@article{GuellideSouza2012,
  title={Applications of Biofilm in the Degradation of Contaminants in Industrial Effluents},
  author={Guelli de Souza, Selene},
  journal={Signpost Open Journal of Biochemistry and Biotechnology},
  volume={1},
  number={1},
  year={2012}
}
@article{Warr2013, title={Bioremediating Oil Spills in Nutrient Poor Ocean Waters Using Fertilized Clay Mineral Flakes: Some Experimental Constraints}, volume={2013}, ISSN={2090-3146}, url={http://dx.doi.org/10.1155/2013/704806}, DOI={10.1155/2013/704806}, journal={Biotechnology Research International}, publisher={Hindawi Publishing Corporation}, author={Warr, Laurence N. and Friese, André and Schwarz, Florian and Schauer, Frieder and Portier, Ralph J. and Basirico, Laura M. and Olson, Gregory M.}, year={2013}, pages={1–9}}